@InCollection{Huffman2018,
	author       =	{Huffman, Carl},
	title        =	{{Pythagoras}},
	booktitle    =	{The {Stanford} Encyclopedia of Philosophy},
	editor       =	{Edward N. Zalta},
	howpublished =	{\url{https://plato.stanford.edu/archives/win2018/entries/pythagoras/}},
	year         =	{2018},
	edition      =	{{W}inter 2018},
	publisher    =	{Metaphysics Research Lab, Stanford University}
}

@article{Joost2009,
  title={Pythagoras and renaissance Europe: Finding heaven},
  author={Joost-Gaugier, Christiane L},
  year={2009}
}

@book{Fauvel2009,
  title={Music and mathematics: From Pythagoras to fractals},
  author={Fauvel, John and Flood, Raymond and Wilson, Robin J},
  year={2006},
  publisher={Oxford University Press on Demand}
}

@article{Sereno1999,
  title={The evolution of dinosaurs},
  author={Sereno, Paul C},
  journal={Science},
  volume={284},
  number={5423},
  pages={2137--2147},
  year={1999},
  publisher={American Association for the Advancement of Science}
}